@article{plmed_review,

author = {G. Kong, M and Kroesen, G.M.W. and E. Morfill, G and Nosenko, Tetyana and T. Shimizu, T and van Dijk, J and Zimmermann, Julia},

year = {2009},

month = {11},

title = {Plasma medicine: An introductory review},

volume = {11},

isbn = {1367-2630},

journal = {New Journal of Physics},

doi = {10.1088/1367-2630/11/11/115012}

}

@article{doi:10.1152/ajplung.2000.279.6.L1005,
author = {Thannickal, Victor J. and Fanburg, Barry L.},
title = {Reactive oxygen species in cell signaling},
journal = {American Journal of Physiology-Lung Cellular and Molecular Physiology},
volume = {279},
number = {6},
pages = {L1005-L1028},
year = {2000},
doi = {10.1152/ajplung.2000.279.6.L1005}
}

@article{doi:10.1152/ajpcell.00366.2006,
author = {Rauen, Ursula and Li, Tongju and Ioannidis, Iosif and de Groot, Herbert},
title = {Nitric oxide increases toxicity of hydrogen peroxide against rat liver endothelial cells and hepatocytes by inhibition of hydrogen peroxide degradation},
journal = {American Journal of Physiology-Cell Physiology},
volume = {292},
number = {4},
pages = {C1440-C1449},
year = {2007},
doi = {10.1152/ajpcell.00366.2006},
}

@article{Stoffels_2006,
	doi = {10.1088/0963-0252/15/4/s03},
    year = 2006,
	month = {oct},
	publisher = {{IOP} Publishing},
	volume = {15},
	number = {4},
	pages = {S169--S180},
	author = {E Stoffels and I E Kieft and R E J Sladek and L J M van den Bedem and E P van der Laan and M Steinbuch},
	title = {Plasma needle forin vivomedical treatment: recent developments and perspectives},
	journal = {Plasma Sources Science and Technology},

}

@article{doi:10.1063/1.2045549,
author = {Laroussi,M.  and Lu,X. },
title = {Room-temperature atmospheric pressure plasma plume for biomedical applications},
journal = {Applied Physics Letters},
volume = {87},
number = {11},
pages = {113902},
year = {2005},
doi = {10.1063/1.2045549}
}

@book{goossens2012introduction,
  title={An Introduction to Plasma Astrophysics and Magnetohydrodynamics},
  author={Goossens, M.},
  isbn={9789400710764},
  series={Astrophysics and Space Science Library},
  year={2012},
  publisher={Springer Netherlands}
}

@article{Martines_2009,
	doi = {10.1088/1367-2630/11/11/115014},
	year = 2009,
	month = {nov},
	publisher = {{IOP} Publishing},
	volume = {11},
	number = {11},
	author = {E Martines and M Zuin and R Cavazzana and E Gazza and G Serianni and S Spagnolo and M Spolaore and A Leonardi and V Deligianni and P Brun and M Aragona and I Castagliuolo and P Brun},
	title = {A novel plasma source for sterilization of living tissues},
	journal = {New Journal of Physics},

}

@article{doi:10.1002/ppap.200700154,
author = {Fridman, Gregory and Friedman, Gary and Gutsol, Alexander and Shekhter, Anatoly B. and Vasilets, Victor N. and Fridman, Alexander},
title = {Applied Plasma Medicine},
journal = {Plasma Processes and Polymers},
volume = {5},
number = {6},
doi = {10.1002/ppap.200700154}
}

@article{Stoffels_2007,
	doi = {10.1088/0963-0252/16/3/014},
	year = 2007,
	month = {jun},
	publisher = {{IOP} Publishing},
	volume = {16},
	number = {3},
	author = {E Stoffels and Y Aranda Gonzalvo and T D Whitmore and D L Seymour and J A Rees},
	title = {Mass spectrometric detection of short-living radicals produced by a plasma needle},
	journal = {Plasma Sources Science and Technology},
}

@inproceedings{Lu2016DynamicsOA,
  title={Dynamics of an Atmospheric Pressure Plasma Plume Generated by Submicrosecond Voltage Pulses},
  author={XinPei Lu and Mounir Laroussi},
  year={2016}
}

@ARTICLE{1167632,
author={M. {Laroussi}},
journal={IEEE Transactions on Plasma Science},
title={Nonthermal decontamination of biological media by atmospheric-pressure plasmas: review, analysis, and prospects},
year={2002},
volume={30},
number={4},
pages={1409-1415},
doi={10.1109/TPS.2002.804220},
}

@article{Fridman2006,
author="Fridman, Gregory
and Peddinghaus, Marie
and Balasubramanian, Manjula
and Ayan, Halim
and Fridman, Alexander
and Gutsol, Alexander
and Brooks, Ari",
title="Blood Coagulation and Living Tissue Sterilization by Floating-Electrode Dielectric Barrier Discharge in Air",
journal="Plasma Chemistry and Plasma Processing",
year="2006",
day="01",
volume="26",
number="4",
pages="425--442",
doi="10.1007/s11090-006-9024-4",
}

@ARTICLE{1673530,
author={X. {Deng} and J. {Shi} and M. G. {Kong}},
journal={IEEE Transactions on Plasma Science},
title={Physical Mechanisms of Inactivation of Bacillus subtilis Spores Using Cold Atmospheric Plasmas},
year={2006},
volume={34},
number={4},
pages={1310-1316},
doi={10.1109/TPS.2006.877739},
}

@ARTICLE{4343167,
author={S. U. {Kalghatgi} and G. {Fridman} and M. {Cooper} and G. {Nagaraj} and M. {Peddinghaus} and M. {Balasubramanian} and V. N. {Vasilets} and A. F. {Gutsol} and A. {Fridman} and G. {Friedman}},
journal={IEEE Transactions on Plasma Science},
title={Mechanism of Blood Coagulation by Nonthermal Atmospheric Pressure Dielectric Barrier Discharge Plasma},
year={2007},
volume={35},
number={5},
pages={1559-1566},
doi={10.1109/TPS.2007.905953},
}

@article{Haertel2014,
  doi = {10.4062/biomolther.2014.105},
  year  = {2014},
  month = {nov},
  volume = {22},
  number = {6},
  author = {Beate Haertel and Thomas von Woedtke and Klaus-Dieter Weltmann and Ulrike Lindequist},
  title = {Non-Thermal Atmospheric-Pressure Plasma Possible Application in Wound Healing},
  journal = {Biomolecules {\&} Therapeutics}
}

@book{Natterer:CompTomography,
  title={The Mathematics of Computerized Tomography},
  author={Natterer, F.},
  date={1986},
  chapter={V.4},
}

@article{Yan2016,
  doi = {10.18632/oncotarget.13304},
  year  = {2016},
  month = {nov},
  volume = {8},
  number = {9},
  author = {Dayun Yan and Jonathan H. Sherman and Michael Keidar},
  title = {Cold atmospheric plasma,  a novel promising anti-cancer treatment modality},
  journal = {Oncotarget}
}

@article{Upadhyay:hvpulse,
author = {Upadhyay,J.  and Sharma,M. L.  and Ahuja,Aakash B.  and Navathe,C. P. },
title = {Development of high-voltage pulse generator with variable amplitude and duration},
journal = {Review of Scientific Instruments},
volume = {85},
number = {6},
pages = {064704},
year = {2014},
doi = {10.1063/1.4884883},
}

@article{Binenbaum:melanomaslowing,
    author = {Binenbaum, Y. AND Ben-David, G. AND Gil, Z. AND Slutsker, Ya. Z. AND Ryzhkov, M. A. AND Felsteiner, J. AND Krasik, Ya. E. AND Cohen, J. T.},
    journal = {PLOS ONE},
    publisher = {Public Library of Science},
    title = {Cold Atmospheric Plasma, Created at the Tip of an Elongated Flexible Capillary Using Low Electric Current, Can Slow the Progression of Melanoma},
    year = {2017},
    month = {01},
    volume = {12},
    url = {https://doi.org/10.1371/journal.pone.0169457},
    pages = {1-15},
    number = {1},
    doi = {10.1371/journal.pone.0169457}
}

@article{Jarrige:plumecharacteristics,
	doi = {10.1088/0963-0252/19/6/065005},
	url = {https://doi.org/10.1088%2F0963-0252%2F19%2F6%2F065005},
	year = 2010,
	publisher = {{IOP} Publishing},
	volume = {19},
	number = {6},
	pages = {065005},
	author = {Julien Jarrige and Mounir Laroussi and Erdinc Karakas},
	title = {Formation and dynamics of plasma bullets in a non-thermal plasma jet: influence of the high-voltage parameters on the plume characteristics},
	journal = {Plasma Sources Science and Technology},
}

@article{Darny:jetplume,
	doi = {10.1088/1361-6595/aa5b15},
	url = {https://doi.org/10.1088%2F1361-6595%2Faa5b15},
	year = 2017,
	publisher = {{IOP} Publishing},
	volume = {26},
	number = {4},
	pages = {045008},
	author = {T Darny and J-M Pouvesle and V Puech and C Douat and S Dozias and Eric Robert},
	title = {Analysis of conductive target influence in plasma jet experiments through helium metastable and electric field measurements},
	journal = {Plasma Sources Science and Technology},
}

@online{ROOT:fft,
  title={ROOT documentation for TVirtualFFT class},
  url={https://root.cern.ch/doc/master/classTVirtualFFT.html},
  }
  
@online{ROOT:landau,
  title={ROOT documentation for Landau() function},
  date={1995},
  author={Brun, R.},
  url={https://root.cern.ch/doc/master/namespaceTMath.html#a656690875991a17d35e8a514f37f35d9},
  }
  
@Article{Fish2009,
author={Fish, Raymond M.
and Geddes, Leslie A.},
title={Conduction of electrical current to and through the human body: a review},
journal={Eplasty},
year={2009},
day={12},
publisher={Open Science Company, LLC},
volume={9},
pages={e44-e44},
note={19907637[pmid]},
note={PMC2763825[pmcid]},
issn={1937-5719},
url={https://www.ncbi.nlm.nih.gov/pubmed/19907637}
}


@article{Laux_2003,
	doi = {10.1088/0963-0252/12/2/301},
	year = 2003,
	publisher = {{IOP} Publishing},
	volume = {12},
	number = {2},
	pages = {125--138},
	author = {C O Laux and T G Spence and C H Kruger and R N Zare},
	title = {Optical diagnostics of atmospheric pressure air plasmas},
	journal = {Plasma Sources Science and Technology},
}

@article{TOMAI2006409,
title = {Generation of dielectric barrier discharge in high-pressure N2 and CO2 environments up to supercritical conditions},
journal = {Thin Solid Films},
volume = {506-507},
pages = {409 - 413},
year = {2006},
issn = {0040-6090},
doi = {https://doi.org/10.1016/j.tsf.2005.08.101},
author = {Takaaki Tomai and Tsuyohito Ito and Kazuo Terashima},
}

@article{PhysRev.34.876,
  title = {A General Theory of the Plasma of an Arc},
  author = {Tonks, Lewi and Langmuir, Irving},
  journal = {Phys. Rev.},
  volume = {34},
  issue = {6},
  pages = {876--922},
  numpages = {0},
  year = {1929},
  publisher = {American Physical Society},
  doi = {10.1103/PhysRev.34.876},
  url = {https://link.aps.org/doi/10.1103/PhysRev.34.876}
}

@article{kogelschatz:jpa-00255561,
  TITLE = {{Dielectric-Barrier Discharges. Principle and Applications}},
  AUTHOR = {Kogelschatz, U. and Eliasson, B. and Egli, W.},
  URL = {https://hal.archives-ouvertes.fr/jpa-00255561},
  JOURNAL = {{Journal de Physique IV Colloque}},
  VOLUME = {07},
  NUMBER = {C4},
  PAGES = {C4-47-C4-66},
  YEAR = {1997},
  DOI = {10.1051/jp4:1997405},
  PDF = {https://hal.archives-ouvertes.fr/jpa-00255561/file/ajp-jp4199707C405.pdf},
  HAL_ID = {jpa-00255561},
  HAL_VERSION = {v1},
}

@thesis{unipd:ceciliaDBD,
title={Caratterizzazione di sorgenti di plasma per applicazioni biomediche},
author={Cecilia Piferi},
year={2016/17},
}

@book{lieberman1994principles,
  title={Principles of Plasma Discharges and Materials Processing},
  author={Lieberman, M.A. and Lichtenberg, A.J.},
  isbn={9780471005773},
  lccn={lc94028954},
  url={https://books.google.it/books?id=-cloQgAACAAJ},
  year={1994},
  publisher={Wiley}
}


@article{doi:10.1002/ppap.200731208,
author = {Tümmel, Stephanie and Mertens, Nina and Wang, Jiejun and Viöl, Wolfgang},
title = {Low Temperature Plasma Treatment of Living Human Cells},
journal = {Plasma Processes and Polymers},
volume = {4},
number = {S1},
pages = {S465-S469},
keywords = {biomaterials, dielectric barrier discharge (DBD), plasma treatment, surface temperature, UV-irradiation},
doi = {10.1002/ppap.200731208},
url = {https://onlinelibrary.wiley.com/doi/abs/10.1002/ppap.200731208},
eprint = {https://onlinelibrary.wiley.com/doi/pdf/10.1002/ppap.200731208},
year = {2007}
}

@Article{FFTW05,
  author = 	 {Frigo, Matteo and Johnson, Steven~G.},
  title = 	 {The Design and Implementation of {FFTW3}},
  journal = 	 {Proceedings of the IEEE},
  year = 	 2005,
  volume =	 93,
  number =	 2,
  pages =	 {216--231},
  note =	 {Special issue on ``Program Generation, Optimization, and Platform Adaptation''}
}

@thesis{unipd:vialettoSpec,
title={Data analysis of an optical emission spectroscopy diagnostic in NIO1 experiment},
author={Luca Vialetto},
year={2014/15},
}

@article{doi:10.1142/S0129183100000857,
author = {de IZARRA, C.},
title = {COMPUTER SIMULATION OF THE UV OH BAND SPECTRUM},
journal = {International Journal of Modern Physics C},
volume = {11},
number = {05},
pages = {987-998},
year = {2000},
doi = {10.1142/S0129183100000857},
URL = {https://doi.org/10.1142/S0129183100000857},
eprint = {https://doi.org/10.1142/S0129183100000857},
}

@article{N2lab,
author = {Bayram,S. B.  and Freamat,M. V. },
title = {Vibrational spectra of N2: An advanced undergraduate laboratory in atomic and molecular spectroscopy},
journal = {American Journal of Physics},
volume = {80},
number = {8},
pages = {664-669},
year = {2012},
doi = {10.1119/1.4722793},
URL = {https://doi.org/10.1119/1.4722793},
eprint = {https://doi.org/10.1119/1.4722793},
}

@book{book:291477,
   title =     {Introduction to Plasma Spectroscopy},
   author =    {Hans-Joachim Kunze (auth.)},
   publisher = {Springer-Verlag Berlin Heidelberg},
   isbn =      {9783642022326,3642022324},
   year =      {2009},
   series =    {Springer Series on Atomic, Optical, and Plasma Physics 56},
   edition =   {1},

}

@article{Izarra_2000,
	doi = {10.1088/0022-3727/33/14/309},
	url = {https://doi.org/10.1088%2F0022-3727%2F33%2F14%2F309},
	year = 2000,
	month = {jul},
	publisher = {{IOP} Publishing},
	volume = {33},
	number = {14},
	pages = {1697--1704},
	author = {Charles de Izarra},
	title = {UV OH spectrum used as a molecular pyrometer},
	journal = {Journal of Physics D: Applied Physics},
}

@article{DBDair_Trot,

author = {Chandwani, Nisha and Chowdhuri, Malay Bikas and Nema, Sudhir and Mukherjee, Samrat},

year = {2014},

month = {06},

title = {Determination of Rotational, Vibrational and Electron Temperatures in Dielectric Barrier Discharge in air at atmospheric pressure},

doi = {10.13140/RG.2.1.2078.6725},

}

@incollection{Popescu10,
author = {Ioana Ionel and Francisc Popescu},
title = {Methods for Online Monitoring of Air Pollution Concentration},
booktitle = {Air Quality},
publisher = {IntechOpen},
address = {Rijeka},
year = {2010},
editor = {Ashok Kumar},
chapter = {5},
doi = {10.5772/9754},
url = {https://doi.org/10.5772/9754},
}

@article{DBDAirTypicalSpec,

author = {Gerber, Ioana and Mihai, Cosmin Teodor and Gorgan, Dragos and Ciorpac, Mitica and Nita, Alexandru and Pohoata, Valentin and Mihaila, Ilarion and Topala, Ionut},

year = {2018},

month = {02},

pages = {4},

title = {Air Dielectric Barrier Discharge Plasma Source For In Vitro Cancer Studies},

volume = {9},

journal = {Clinical Plasma Medicine},

doi = {10.1016/j.cpme.2017.12.006},

}

@article{Kossyi_1992,
	doi = {10.1088/0963-0252/1/3/011},
	url = {https://doi.org/10.1088%2F0963-0252%2F1%2F3%2F011},
	year = 1992,
	month = {aug},
	publisher = {{IOP} Publishing},
	volume = {1},
	number = {3},
	pages = {207--220},
	author = {I A Kossyi and A Yu Kostinsky and A A Matveyev and V P Silakov},
	title = {Kinetic scheme of the non-equilibrium discharge in nitrogen-oxygen mixtures},
	journal = {Plasma Sources Science and Technology},

}

@ARTICLE{6153386,
author={S. P. Kuo and C. Chen and C. Lin and S. Chiang},
journal={IEEE Transactions on Plasma Science},
title={Applications of Air Plasma for Wound Bleeding Control and Healing},
year={2012},
volume={40},
number={4},
pages={1117-1123},
doi={10.1109/TPS.2012.2184142},
ISSN={0093-3813},
month={April},
}


@book{book:137793,
   title =     {Molecular Spectra and Molecular Structure I: Spectra of Diatomic Molecules},
   author =    {Gerhard Herzberg},
   publisher = {D. Van Nostrand},
   isbn =      {9780442033859,0442033850},
   year =      {1950},
   series =    {},
   edition =   {2nd},
}

@online{wiki:vibronic,
    author = "{Wikipedia contributors}",
    title = "Vibronic spectroscopy",
    year = "2018",
    url = "https://en.wikipedia.org/w/index.php?title=Vibronic_spectroscopy&oldid=823782704",
  }
  
@article{VANSPRANG197955,
title = "Absolute emission cross sections for the calibration of optical detection systems in the 120–250 nm range",
journal = "Chemical Physics Letters",
volume = "65",
number = "1",
pages = "55 - 60",
year = "1979",
issn = "0009-2614",
doi = "https://doi.org/10.1016/0009-2614(79)80124-4",
url = "http://www.sciencedirect.com/science/article/pii/0009261479801244",
author = "H.A. Van Sprang and H.H. Brongersma and F.J. De Heer",
}

@PHDTHESIS{Knie:166349,
      author       = {Knie, Andre},
      title        = {{P}hoton induced inner-shell excitation processes of
                      nitrous oxide probed by angle resolved fluorescence and
                      {A}uger-{E}lectron spectrometry},
      school       = {Univ. Kassel},
      type         = {Dr.},
      address      = {Kassel},
      publisher    = {Kassel Univ. Press},
      reportid     = {DESY-2014-01262},
      isbn         = {978-3862194582},
      year         = {2013},
}

@online{NIST,
author = {A.~Kramida and {Yu.~Ralchenko} and
J.~Reader and {and NIST ASD Team}},
HOWPUBLISHED = {{NIST Atomic Spectra Database
(ver. 5.6.1), [Online]. Available:
{\tt{https://physics.nist.gov/asd}} [2019, February 10].
National Institute of Standards and Technology,
Gaithersburg, MD.}},
year = {2018},
}

@article{Britun_2007,
	doi = {10.1088/0022-3727/40/4/016},
	url = {https://doi.org/10.1088%2F0022-3727%2F40%2F4%2F016},
	year = 2007,
	month = {feb},
	publisher = {{IOP} Publishing},
	volume = {40},
	number = {4},
	pages = {1022--1029},
	author = {N Britun and M Gaillard and A Ricard and Y M Kim and K S Kim and J G Han},
	title = {Determination of the vibrational, rotational and electron temperatures in N2and Ar{\textendash}N2rf discharge},
	journal = {Journal of Physics D: Applied Physics},

}

@article{MOON2003249,
title = "A comparative study of rotational temperatures using diatomic OH, O2 and N2+ molecular spectra emitted from atmospheric plasmas",
journal = "Spectrochimica Acta Part B: Atomic Spectroscopy",
volume = "58",
number = "2",
pages = "249 - 257",
year = "2003",
note = "INTERSIBGEOCHEM 01",
issn = "0584-8547",
doi = "https://doi.org/10.1016/S0584-8547(02)00259-8",
url = "http://www.sciencedirect.com/science/article/pii/S0584854702002598",
author = "Se Youn Moon and W. Choe",
keywords = "Atmospheric plasma, Rotational temperature, Diatomic molecular spectrum, Spectroscopy",
}

@online{ROOT:TSpectrum,
  title={ROOT documentation for TSpectrum class},
  author={Miroslav, M.},
  url={https://root.cern.ch/doc/v614/classTSpectrum.html},
}
  
@online{ROOT:TH2,
  title={ROOT documentation for TH2 class},
  author={Brun, R.},
  url={https://root.cern.ch/doc/master/classTH2.html},
}  
  
@book{GUMLEY200215,
title = "Practical IDL Programming",
publisher = "Morgan Kaufmann",
address = "San Francisco",
year = "2002",
isbn = "978-1-55860-700-2",
doi = "https://doi.org/10.1016/B978-155860700-2.50003-3",
author = "LIAM E. GUMLEY",
}

@online{flea,
    url = {https://www.ptgrey.com/Content/Images/uploaded/Flea.pdf},
}

@online{pgm,
    url = {http://netpbm.sourceforge.net/doc/pgm.html},
}

@article{Mericam_Bourdet_2009,
	doi = {10.1088/0022-3727/42/5/055207},
	url = {https://doi.org/10.1088%2F0022-3727%2F42%2F5%2F055207},
	year = 2009,
	month = {feb},
	publisher = {{IOP} Publishing},
	volume = {42},
	number = {5},
	pages = {055207},
	author = {N Mericam-Bourdet and M Laroussi and A Begum and E Karakas},
	title = {Experimental investigations of plasma bullets},
	journal = {Journal of Physics D: Applied Physics},

}

@article{Jarrige_2010,
	doi = {10.1088/0963-0252/19/6/065005},
	url = {https://doi.org/10.1088%2F0963-0252%2F19%2F6%2F065005},
	year = 2010,
	month = {oct},
	publisher = {{IOP} Publishing},
	volume = {19},
	number = {6},
	pages = {065005},
	author = {Julien Jarrige and Mounir Laroussi and Erdinc Karakas},
	title = {Formation and dynamics of plasma bullets in a non-thermal plasma jet: influence of the high-voltage parameters on the plume characteristics},
	journal = {Plasma Sources Science and Technology},

}


@ARTICLE{6327682,
author={G. B. {Sretenovic} and I. B. {Krstic} and V. V. {Kovacevic} and B. M. {Obradovic} and M. M. {Kuraica}},
journal={IEEE Transactions on Plasma Science},
title={Spectroscopic Study of Low-Frequency Helium DBD Plasma Jet},
year={2012},
volume={40},
number={11},
pages={2870-2878},
doi={10.1109/TPS.2012.2219077},
ISSN={0093-3813},
}

@article{doi:10.1002/ppap.200900078,
author = {Robert, Eric and Barbosa, Emerson and Dozias, Sébastien and Vandamme, Marc and Cachoncinlle, Christophe and Viladrosa, Raymond and Pouvesle, Jean Michel},
title = {Experimental Study of a Compact Nanosecond Plasma Gun},
journal = {Plasma Processes and Polymers},
volume = {6},
number = {12},
pages = {795-802},
doi = {10.1002/ppap.200900078},
year = {2009},
}

@article{doi:10.1063/1.4963115,
author = {Yan,Wen  and Economou,Demetre J. },
title = {Simulation of a non-equilibrium helium plasma bullet emerging into oxygen at high pressure (250–760 Torr) and interacting with a substrate},
journal = {Journal of Applied Physics},
volume = {120},
number = {12},
pages = {123304},
year = {2016},
doi = {10.1063/1.4963115},
}

@article{Breden_2012,
	doi = {10.1088/0963-0252/21/3/034011},
	url = {https://doi.org/10.1088%2F0963-0252%2F21%2F3%2F034011},
	year = 2012,
	month = {may},
	publisher = {{IOP} Publishing},
	volume = {21},
	number = {3},
	pages = {034011},
	author = {D Breden and K Miki and L L Raja},
	title = {Self-consistent two-dimensional modeling of cold atmospheric-pressure plasma jets/bullets},
	journal = {Plasma Sources Science and Technology},

}

@article{doi:10.1063/1.4923345,
author = {Norberg,Seth A.  and Johnsen,Eric  and Kushner,Mark J. },
title = {Helium atmospheric pressure plasma jets touching dielectric and metal surfaces},
journal = {Journal of Applied Physics},
volume = {118},
number = {1},
pages = {013301},
year = {2015},
doi = {10.1063/1.4923345},
}

@article{Bhadauria,
author = {Singh, ashok kumar and Bhadauria, Beer},
year = {2009},
month = {01},
pages = {815-827},
title = {Finite Difference Formulae for Unequal Sub-Intervals Using Lagrange's Interpolation Formula},
volume = {3},
journal = {Journal of Math. Analysis}
}


@online{flircamera,
    url = {https://www.flir.com/globalassets/imported-assets/document/rnd_011_us.pdf},
}

@article{biotissues,

author = {Giering, Kerstin and Minet, Olaf and Lamprecht, Ingolf and Müller, G},

year = {1995},

month = {01},

pages = {45-65},

title = {Review of Thermal Properties of Biological Tissues},

journal = {SPIE-The International Society For Optical Engineering}

}

@article{Gade2014,
author="Gade, Rikke
and Moeslund, Thomas B.",
title="Thermal cameras and applications: a survey",
journal="Machine Vision and Applications",
year="2014",
month="Jan",
day="01",
volume="25",
number="1",
pages="245--262",
issn="1432-1769",
doi="10.1007/s00138-013-0570-5",
url="https://doi.org/10.1007/s00138-013-0570-5"
}

@thesis{Pimazzoni2018,
author = "Pimazzoni, Antonio",
title = "Investigation of the parameters of a particle beam by numerical models and diagnostic calorimetry",
year = "2018"
}

@article{doi:10.1063/1.4819246,
author = {Jin,Dong Jun  and Uhm,Han S.  and Cho,Guangsup },
title = {Influence of the gas-flow Reynolds number on a plasma column in a glass tube},
journal = {Physics of Plasmas},
volume = {20},
number = {8},
pages = {083513},
year = {2013},
doi = {10.1063/1.4819246},
URL = {https://doi.org/10.1063/1.4819246}
}

@article{Hagelaar_2005,
	doi = {10.1088/0963-0252/14/4/011},
	year = 2005,
	month = {oct},
	publisher = {{IOP} Publishing},
	volume = {14},
	number = {4},
	pages = {722--733},
	author = {G J M Hagelaar and L C Pitchford},
	title = {Solving the Boltzmann equation to obtain electron transport coefficients and rate coefficients for fluid models},
	journal = {Plasma Sources Science and Technology}
}

@online{LxCat,
    url = {www.lxcat.net},
    title = {Various databases, retrieved on March 14, 2019}
}

@book{book:567903,
   title =     {Introduction to Plasma Physics and Controlled Fusion},
   author =    {Francis F. Chen},
   publisher = {},
   isbn =      {0306413329,9780306413322},
   year =      {1984},
   series =    {},
   edition =   {2nd},
   volume =    {},
}

@book{book10.1007/978-3-642-61247-3,

author = {P. Raizer, Yuri},

year = {1991},

month = {09},

pages = {},

title = {Gas Discharge Physics},

isbn = {3540194622},

doi = {10.1007/978-3-642-61247-3}

}

@article{Dickinson_1999,
	doi = {10.1088/0953-4075/32/20/309},
	url = {https://doi.org/10.1088%2F0953-4075%2F32%2F20%2F309},
	year = 1999,
	month = {oct},
	publisher = {{IOP} Publishing},
	volume = {32},
	number = {20},
	pages = {4919--4930},
	author = {A S Dickinson and Malsoon Seo Lee and L A Viehland},
	title = {The mobility of He ions in helium gas},
	journal = {Journal of Physics B: Atomic, Molecular and Optical Physics}
}

@article{Skullerud_1990,
	doi = {10.1088/0953-4075/23/6/010},
	year = 1990,
	month = {mar},
	publisher = {{IOP} Publishing},
	volume = {23},
	number = {6},
	pages = {1017--1041},
	author = {H R Skullerud and P -H Larsen},
	title = {Mobility and diffusion of atomic helium and neon ions in their parent gases}
}

@article{DeMasi_2018,
	author  = {Gianluca De Masi and C.  Gareri and L.  Cordaro and A.  Fassina and Paola Brun and B.  Zaniol and Roberto  Cavazzana and Emilio  Martines and Matteo  Zuin and G.  Marinaro and S.  De Rosa and C.  lndolfi},
	title   = {Plasma Coagulation Controller: A Low- Power Atmospheric Plasma Source for Accelerated Blood Coagulation},
	journal = {Plasma Medicine},
	issn    = {1947-5764},
	year    = {2018},
	volume  = {8},
	number  = {3},
	pages   = {245--254}
}

@misc{ansysE,
    author = "Gallo C., Galatà A.",
    title = "Ansys simulation",
    howpublished = "private communication"
}

@online{N87datasheet,
    url = {https://www.mouser.it/datasheet/2/400/e_32_16_9-1527777.pdf},
    title = {Coils core datasheet}
}

@incollection{VONENGEL196599,
title = "Flame Plasmas",
editor = "L. Marton",
series = "Advances in Electronics and Electron Physics",
publisher = "Academic Press",
volume = "20",
pages = "99 - 146",
year = "1965",
issn = "0065-2539",
doi = "https://doi.org/10.1016/S0065-2539(08)60495-3",
author = "A. Von Engel and J.R. Cozens"
}

@article{BARDOS20106705,
title = "Cold atmospheric plasma: Sources, processes, and applications",
journal = "Thin Solid Films",
volume = "518",
number = "23",
year = "2010",
issn = "0040-6090",
doi = "https://doi.org/10.1016/j.tsf.2010.07.044",
author = "L. Bárdos and H. Baránková",
}

@article{Toyofuku_2004,
	doi = {10.1143/jjap.43.4368},
	year = {2004},
	month = {jul},
	publisher = {Japan Society of Applied Physics},
	volume = {43},
	number = {7A},
	author = {Masaharu Toyofuku and Yasunori Ohtsu and Hiroharu Fujita},
	title = {High Ozone Generation with a High-Dielectric-Constant Material},
	journal = {Japanese Journal of Applied Physics},

}

@article{Ohyama_2009,
	doi = {10.1088/0022-3727/42/10/105203},
	year = 2009,
	month = {apr},
	publisher = {{IOP} Publishing},
	volume = {42},
	number = {10},
	pages = {105203},
	author = {R Ohyama and M Sakamoto and A Nagai},
	title = {Axial plasma density propagation of barrier discharge non-thermal plasma bullets in an atmospheric pressure argon gas stream},
	journal = {Journal of Physics D: Applied Physics},

}

@article{SHAO2009215,
title = "Electrical characterization of dielectric barrier discharge driven by repetitive nanosecond pulses in atmospheric air",
journal = "Journal of Electrostatics",
volume = "67",
number = "2",
pages = "215 - 221",
year = "2009",
author = "Tao Shao and Kaihua Long and Cheng Zhang and Jue Wang and Dongdong Zhang and Ping Yan and Shichang Zhang",
}

@article{Zhu_2009,
	doi = {10.1088/0022-3727/42/14/142003},
	year = 2009,
	month = {jun},
	publisher = {{IOP} Publishing},
	volume = {42},
	number = {14},
	author = {X M Zhu and Y K Pu and N Balcon and R Boswell},
	title = {Measurement of the electron density in atmospheric-pressure low-temperature argon discharges by line-ratio method of optical emission spectroscopy},
	journal = {Journal of Physics D: Applied Physics},

}

@article{Amorim_2015,
	doi = {10.1088/0741-3335/57/7/074001},
	year = 2015,
	month = {may},
	publisher = {{IOP} Publishing},
	volume = {57},
	number = {7},
	pages = {074001},
	author = {J Amorim and M A Ridenti and V Guerra},
	title = {Experimental and theoretical study of atmospheric-pressure argon microplasma jets},
	journal = {Plasma Physics and Controlled Fusion},

}

@article{Bruggeman_2010,
	doi = {10.1088/0963-0252/19/4/045025},
	year = 2010,
	month = {jul},
	publisher = {{IOP} Publishing},
	volume = {19},
	number = {4},
	pages = {045025},
	author = {Peter Bruggeman and Daan C Schram},
	title = {On {OH} production in water containing atmospheric pressure plasmas},
	journal = {Plasma Sources Science and Technology},

}

@book{book:1593058,
   title =     {CRC handbook of chemistry and physics: a ready-reference book of chemical and physical data},
   author =    {W. M. Haynes, David R. Lide, Thomas J. Bruno},
   publisher = {CRC Press},
   isbn =      {978-1-4987-5429-3,1498754295},
   series =    {},
   edition =   {99th edition},
   volume =    {},
}

@Article{Kogelschatz2003,
author="Kogelschatz, Ulrich",
title="Dielectric-Barrier Discharges: Their History, Discharge Physics, and Industrial Applications",
journal="Plasma Chemistry and Plasma Processing",
year="2003",
month="Mar",
day="01",
volume="23",
number="1",
doi="10.1023/A:1022470901385",
}

@online{DBDcircuit,
author = "By E. V. Shun'ko",
url = "https://commons.wikimedia.org/w/index.php?curid=27512503",
}

@article{doi:10.1063/1.4986023,
author = {Slutsker,Ya. Z.  and Semenov,V. E.  and Krasik,Ya. E.  and Ryzhkov,M. A.  and Felsteiner,J.  and Binenbaum,Y.  and Gil,Z.  and Shtrichman,R.  and Cohen,J. T. },
title = {Electrical model of cold atmospheric plasma gun},
journal = {Physics of Plasmas},
volume = {24},
number = {10},
pages = {103510},
year = {2017},
doi = {10.1063/1.4986023},
}
