@book{Natterer:CompTomography,
  title={The Mathematics of Computerized Tomography},
  author={Natterer, F.},
  date={1986},
  chapter={V.4},
  }
@article{Upadhyay:hvpulse,
author = {Upadhyay,J.  and Sharma,M. L.  and Ahuja,Aakash B.  and Navathe,C. P. },
title = {Development of high-voltage pulse generator with variable amplitude and duration},
journal = {Review of Scientific Instruments},
volume = {85},
number = {6},
pages = {064704},
year = {2014},
doi = {10.1063/1.4884883},
}

@article{Binenbaum:melanomaslowing,
    author = {Binenbaum, Y. AND Ben-David, G. AND Gil, Z. AND Slutsker, Ya. Z. AND Ryzhkov, M. A. AND Felsteiner, J. AND Krasik, Ya. E. AND Cohen, J. T.},
    journal = {PLOS ONE},
    publisher = {Public Library of Science},
    title = {Cold Atmospheric Plasma, Created at the Tip of an Elongated Flexible Capillary Using Low Electric Current, Can Slow the Progression of Melanoma},
    year = {2017},
    month = {01},
    volume = {12},
    url = {https://doi.org/10.1371/journal.pone.0169457},
    pages = {1-15},
    number = {1},
    doi = {10.1371/journal.pone.0169457}
}

@article{Jarrige:plumecharacteristics,
	doi = {10.1088/0963-0252/19/6/065005},
	url = {https://doi.org/10.1088%2F0963-0252%2F19%2F6%2F065005},
	year = 2010,
	publisher = {{IOP} Publishing},
	volume = {19},
	number = {6},
	pages = {065005},
	author = {Julien Jarrige and Mounir Laroussi and Erdinc Karakas},
	title = {Formation and dynamics of plasma bullets in a non-thermal plasma jet: influence of the high-voltage parameters on the plume characteristics},
	journal = {Plasma Sources Science and Technology},
}

@article{Darny:jetplume,
	doi = {10.1088/1361-6595/aa5b15},
	url = {https://doi.org/10.1088%2F1361-6595%2Faa5b15},
	year = 2017,
	publisher = {{IOP} Publishing},
	volume = {26},
	number = {4},
	pages = {045008},
	author = {T Darny and J-M Pouvesle and V Puech and C Douat and S Dozias and Eric Robert},
	title = {Analysis of conductive target influence in plasma jet experiments through helium metastable and electric field measurements},
	journal = {Plasma Sources Science and Technology},
}

@online{ROOT:fft,
  title={ROOT documentation for TVirtualFFT class},
  url={https://root.cern.ch/doc/master/classTVirtualFFT.html},
  }
  
@online{ROOT:landau,
  title={ROOT documentation for Landau() function},
  date={1995},
  author={Brun, R.},
  url={https://root.cern.ch/doc/master/namespaceTMath.html#a656690875991a17d35e8a514f37f35d9},
  }
  
@Article{Fish2009,
author={Fish, Raymond M.
and Geddes, Leslie A.},
title={Conduction of electrical current to and through the human body: a review},
journal={Eplasty},
year={2009},
day={12},
publisher={Open Science Company, LLC},
volume={9},
pages={e44-e44},
note={19907637[pmid]},
note={PMC2763825[pmcid]},
issn={1937-5719},
url={https://www.ncbi.nlm.nih.gov/pubmed/19907637}
}

@article{BARDOS20106705,
title = {Cold atmospheric plasma: Sources, processes, and applications},
journal = {Thin Solid Films},
volume = {518},
number = {23},
pages = {6705 - 6713},
year = {2010},
issn = {0040-6090},
doi = {https://doi.org/10.1016/j.tsf.2010.07.044},
url = {http://www.sciencedirect.com/science/article/pii/S0040609010009946},
author = {L. Bárdos and H. Baránková},
keywords = {Cold atmospheric plasma, Non-equilibrium plasma, Atmospheric plasma sources, Atmospheric plasma processing, Surface activation, Surface treatment and deposition},
}


@article{Laux_2003,
	doi = {10.1088/0963-0252/12/2/301},
	url = {https://doi.org/10.1088%2F0963-0252%2F12%2F2%2F301},
	year = 2003,
	publisher = {{IOP} Publishing},
	volume = {12},
	number = {2},
	pages = {125--138},
	author = {C O Laux and T G Spence and C H Kruger and R N Zare},
	title = {Optical diagnostics of atmospheric pressure air plasmas},
	journal = {Plasma Sources Science and Technology},
}

@article{TOMAI2006409,
title = {Generation of dielectric barrier discharge in high-pressure N2 and CO2 environments up to supercritical conditions},
journal = {Thin Solid Films},
volume = {506-507},
pages = {409 - 413},
year = {2006},
note = {The Joint Meeting of 7th APCPST (Asia Pacific Conference on Plasma Science and Technology) and 17th SPSM (Symposium on Plasma Science for Materials)},
issn = {0040-6090},
doi = {https://doi.org/10.1016/j.tsf.2005.08.101},
url = {http://www.sciencedirect.com/science/article/pii/S0040609005013052},
author = {Takaaki Tomai and Tsuyohito Ito and Kazuo Terashima},
keywords = {Supercritical fluid, Barrier discharge, Microplasma, Optical spectroscopy},
}

@article{PhysRev.34.876,
  title = {A General Theory of the Plasma of an Arc},
  author = {Tonks, Lewi and Langmuir, Irving},
  journal = {Phys. Rev.},
  volume = {34},
  issue = {6},
  pages = {876--922},
  numpages = {0},
  year = {1929},
  publisher = {American Physical Society},
  doi = {10.1103/PhysRev.34.876},
  url = {https://link.aps.org/doi/10.1103/PhysRev.34.876}
}

@article{kogelschatz:jpa-00255561,
  TITLE = {{Dielectric-Barrier Discharges. Principle and Applications}},
  AUTHOR = {Kogelschatz, U. and Eliasson, B. and Egli, W.},
  URL = {https://hal.archives-ouvertes.fr/jpa-00255561},
  JOURNAL = {{Journal de Physique IV Colloque}},
  VOLUME = {07},
  NUMBER = {C4},
  PAGES = {C4-47-C4-66},
  YEAR = {1997},
  DOI = {10.1051/jp4:1997405},
  PDF = {https://hal.archives-ouvertes.fr/jpa-00255561/file/ajp-jp4199707C405.pdf},
  HAL_ID = {jpa-00255561},
  HAL_VERSION = {v1},
}

@thesis{unipd:ceciliaDBD,
title={Caratterizzazione di sorgenti di plasma per applicazioni biomediche},
author={Cecilia Piferi},
year={2016/17},
}

@book{lieberman1994principles,
  title={Principles of Plasma Discharges and Materials Processing},
  author={Lieberman, M.A. and Lichtenberg, A.J.},
  isbn={9780471005773},
  lccn={lc94028954},
  url={https://books.google.it/books?id=-cloQgAACAAJ},
  year={1994},
  publisher={Wiley}
}


@article{doi:10.1002/ppap.200731208,
author = {Tümmel, Stephanie and Mertens, Nina and Wang, Jiejun and Viöl, Wolfgang},
title = {Low Temperature Plasma Treatment of Living Human Cells},
journal = {Plasma Processes and Polymers},
volume = {4},
number = {S1},
pages = {S465-S469},
keywords = {biomaterials, dielectric barrier discharge (DBD), plasma treatment, surface temperature, UV-irradiation},
doi = {10.1002/ppap.200731208},
url = {https://onlinelibrary.wiley.com/doi/abs/10.1002/ppap.200731208},
eprint = {https://onlinelibrary.wiley.com/doi/pdf/10.1002/ppap.200731208},
year = {2007}
}

@Article{FFTW05,
  author = 	 {Frigo, Matteo and Johnson, Steven~G.},
  title = 	 {The Design and Implementation of {FFTW3}},
  journal = 	 {Proceedings of the IEEE},
  year = 	 2005,
  volume =	 93,
  number =	 2,
  pages =	 {216--231},
  note =	 {Special issue on ``Program Generation, Optimization, and Platform Adaptation''}
}

@thesis{unipd:vialettoSpec,
title={Data analysis of an optical emission spectroscopy diagnostic in NIO1 experiment},
author={Luca Vialetto},
year={2014/15},
}

@article{doi:10.1142/S0129183100000857,
author = {de IZARRA, C.},
title = {COMPUTER SIMULATION OF THE UV OH BAND SPECTRUM},
journal = {International Journal of Modern Physics C},
volume = {11},
number = {05},
pages = {987-998},
year = {2000},
doi = {10.1142/S0129183100000857},
URL = {https://doi.org/10.1142/S0129183100000857},
eprint = {https://doi.org/10.1142/S0129183100000857},
}

@article{N2lab,
author = {Bayram,S. B.  and Freamat,M. V. },
title = {Vibrational spectra of N2: An advanced undergraduate laboratory in atomic and molecular spectroscopy},
journal = {American Journal of Physics},
volume = {80},
number = {8},
pages = {664-669},
year = {2012},
doi = {10.1119/1.4722793},
URL = {https://doi.org/10.1119/1.4722793},
eprint = {https://doi.org/10.1119/1.4722793},
}

@book{book:291477,
   title =     {Introduction to Plasma Spectroscopy},
   author =    {Hans-Joachim Kunze (auth.)},
   publisher = {Springer-Verlag Berlin Heidelberg},
   isbn =      {9783642022326,3642022324},
   year =      {2009},
   series =    {Springer Series on Atomic, Optical, and Plasma Physics 56},
   edition =   {1},

}

@article{Izarra_2000,
	doi = {10.1088/0022-3727/33/14/309},
	url = {https://doi.org/10.1088%2F0022-3727%2F33%2F14%2F309},
	year = 2000,
	month = {jul},
	publisher = {{IOP} Publishing},
	volume = {33},
	number = {14},
	pages = {1697--1704},
	author = {Charles de Izarra},
	title = {UV OH spectrum used as a molecular pyrometer},
	journal = {Journal of Physics D: Applied Physics},
}

@article{DBDair_Trot,

author = {Chandwani, Nisha and Chowdhuri, Malay Bikas and Nema, Sudhir and Mukherjee, Samrat},

year = {2014},

month = {06},

title = {Determination of Rotational, Vibrational and Electron Temperatures in Dielectric Barrier Discharge in air at atmospheric pressure},

doi = {10.13140/RG.2.1.2078.6725},

}

@incollection{Popescu10,
author = {Ioana Ionel and Francisc Popescu},
title = {Methods for Online Monitoring of Air Pollution Concentration},
booktitle = {Air Quality},
publisher = {IntechOpen},
address = {Rijeka},
year = {2010},
editor = {Ashok Kumar},
chapter = {5},
doi = {10.5772/9754},
url = {https://doi.org/10.5772/9754},
}

@article{DBDAirTypicalSpec,

author = {Gerber, Ioana and Mihai, Cosmin Teodor and Gorgan, Dragos and Ciorpac, Mitica and Nita, Alexandru and Pohoata, Valentin and Mihaila, Ilarion and Topala, Ionut},

year = {2018},

month = {02},

pages = {4},

title = {Air Dielectric Barrier Discharge Plasma Source For In Vitro Cancer Studies},

volume = {9},

journal = {Clinical Plasma Medicine},

doi = {10.1016/j.cpme.2017.12.006},

}

@article{Kossyi_1992,
	doi = {10.1088/0963-0252/1/3/011},
	url = {https://doi.org/10.1088%2F0963-0252%2F1%2F3%2F011},
	year = 1992,
	month = {aug},
	publisher = {{IOP} Publishing},
	volume = {1},
	number = {3},
	pages = {207--220},
	author = {I A Kossyi and A Yu Kostinsky and A A Matveyev and V P Silakov},
	title = {Kinetic scheme of the non-equilibrium discharge in nitrogen-oxygen mixtures},
	journal = {Plasma Sources Science and Technology},

}

@ARTICLE{6153386,
author={S. P. Kuo and C. Chen and C. Lin and S. Chiang},
journal={IEEE Transactions on Plasma Science},
title={Applications of Air Plasma for Wound Bleeding Control and Healing},
year={2012},
volume={40},
number={4},
pages={1117-1123},
doi={10.1109/TPS.2012.2184142},
ISSN={0093-3813},
month={April},
}


@book{book:137793,
   title =     {Molecular Spectra and Molecular Structure I: Spectra of Diatomic Molecules},
   author =    {Gerhard Herzberg},
   publisher = {D. Van Nostrand},
   isbn =      {9780442033859,0442033850},
   year =      {1950},
   series =    {},
   edition =   {2nd},
}

@online{wiki:vibronic,
    author = "{Wikipedia contributors}",
    title = "Vibronic spectroscopy",
    year = "2018",
    url = "https://en.wikipedia.org/w/index.php?title=Vibronic_spectroscopy&oldid=823782704",
  }
  
@article{VANSPRANG197955,
title = "Absolute emission cross sections for the calibration of optical detection systems in the 120–250 nm range",
journal = "Chemical Physics Letters",
volume = "65",
number = "1",
pages = "55 - 60",
year = "1979",
issn = "0009-2614",
doi = "https://doi.org/10.1016/0009-2614(79)80124-4",
url = "http://www.sciencedirect.com/science/article/pii/0009261479801244",
author = "H.A. Van Sprang and H.H. Brongersma and F.J. De Heer",
}

@PHDTHESIS{Knie:166349,
      author       = {Knie, Andre},
      title        = {{P}hoton induced inner-shell excitation processes of
                      nitrous oxide probed by angle resolved fluorescence and
                      {A}uger-{E}lectron spectrometry},
      school       = {Univ. Kassel},
      type         = {Dr.},
      address      = {Kassel},
      publisher    = {Kassel Univ. Press},
      reportid     = {DESY-2014-01262},
      isbn         = {978-3862194582},
      year         = {2013},
}

@online{NIST,
author = {A.~Kramida and {Yu.~Ralchenko} and
J.~Reader and {and NIST ASD Team}},
HOWPUBLISHED = {{NIST Atomic Spectra Database
(ver. 5.6.1), [Online]. Available:
{\tt{https://physics.nist.gov/asd}} [2019, February 10].
National Institute of Standards and Technology,
Gaithersburg, MD.}},
year = {2018},
}

@article{Britun_2007,
	doi = {10.1088/0022-3727/40/4/016},
	url = {https://doi.org/10.1088%2F0022-3727%2F40%2F4%2F016},
	year = 2007,
	month = {feb},
	publisher = {{IOP} Publishing},
	volume = {40},
	number = {4},
	pages = {1022--1029},
	author = {N Britun and M Gaillard and A Ricard and Y M Kim and K S Kim and J G Han},
	title = {Determination of the vibrational, rotational and electron temperatures in N2and Ar{\textendash}N2rf discharge},
	journal = {Journal of Physics D: Applied Physics},

}

@article{MOON2003249,
title = "A comparative study of rotational temperatures using diatomic OH, O2 and N2+ molecular spectra emitted from atmospheric plasmas",
journal = "Spectrochimica Acta Part B: Atomic Spectroscopy",
volume = "58",
number = "2",
pages = "249 - 257",
year = "2003",
note = "INTERSIBGEOCHEM 01",
issn = "0584-8547",
doi = "https://doi.org/10.1016/S0584-8547(02)00259-8",
url = "http://www.sciencedirect.com/science/article/pii/S0584854702002598",
author = "Se Youn Moon and W. Choe",
keywords = "Atmospheric plasma, Rotational temperature, Diatomic molecular spectrum, Spectroscopy",
}

@online{ROOT:TSpectrum,
  title={ROOT documentation for TSpectrum class},
  author={Miroslav, M.},
  url={https://root.cern.ch/doc/v614/classTSpectrum.html},
}
  
@online{ROOT:TH2,
  title={ROOT documentation for TH2 class},
  author={Brun, R.},
  url={https://root.cern.ch/doc/master/classTH2.html},
}  
  
@book{GUMLEY200215,
title = "Practical IDL Programming",
publisher = "Morgan Kaufmann",
address = "San Francisco",
year = "2002",
isbn = "978-1-55860-700-2",
doi = "https://doi.org/10.1016/B978-155860700-2.50003-3",
author = "LIAM E. GUMLEY",
}

@online{flea,
    url = {https://www.ptgrey.com/Content/Images/uploaded/Flea.pdf},
}

@online{pgm,
    url = {http://netpbm.sourceforge.net/doc/pgm.html},
}

@article{Mericam_Bourdet_2009,
	doi = {10.1088/0022-3727/42/5/055207},
	url = {https://doi.org/10.1088%2F0022-3727%2F42%2F5%2F055207},
	year = 2009,
	month = {feb},
	publisher = {{IOP} Publishing},
	volume = {42},
	number = {5},
	pages = {055207},
	author = {N Mericam-Bourdet and M Laroussi and A Begum and E Karakas},
	title = {Experimental investigations of plasma bullets},
	journal = {Journal of Physics D: Applied Physics},

}

@article{Jarrige_2010,
	doi = {10.1088/0963-0252/19/6/065005},
	url = {https://doi.org/10.1088%2F0963-0252%2F19%2F6%2F065005},
	year = 2010,
	month = {oct},
	publisher = {{IOP} Publishing},
	volume = {19},
	number = {6},
	pages = {065005},
	author = {Julien Jarrige and Mounir Laroussi and Erdinc Karakas},
	title = {Formation and dynamics of plasma bullets in a non-thermal plasma jet: influence of the high-voltage parameters on the plume characteristics},
	journal = {Plasma Sources Science and Technology},

}


@ARTICLE{6327682,
author={G. B. {Sretenovic} and I. B. {Krstic} and V. V. {Kovacevic} and B. M. {Obradovic} and M. M. {Kuraica}},
journal={IEEE Transactions on Plasma Science},
title={Spectroscopic Study of Low-Frequency Helium DBD Plasma Jet},
year={2012},
volume={40},
number={11},
pages={2870-2878},
doi={10.1109/TPS.2012.2219077},
ISSN={0093-3813},
}

@article{doi:10.1002/ppap.200900078,
author = {Robert, Eric and Barbosa, Emerson and Dozias, Sébastien and Vandamme, Marc and Cachoncinlle, Christophe and Viladrosa, Raymond and Pouvesle, Jean Michel},
title = {Experimental Study of a Compact Nanosecond Plasma Gun},
journal = {Plasma Processes and Polymers},
volume = {6},
number = {12},
pages = {795-802},
doi = {10.1002/ppap.200900078},
year = {2009},
}

@article{doi:10.1063/1.4963115,
author = {Yan,Wen  and Economou,Demetre J. },
title = {Simulation of a non-equilibrium helium plasma bullet emerging into oxygen at high pressure (250–760 Torr) and interacting with a substrate},
journal = {Journal of Applied Physics},
volume = {120},
number = {12},
pages = {123304},
year = {2016},
doi = {10.1063/1.4963115},
}

@article{Breden_2012,
	doi = {10.1088/0963-0252/21/3/034011},
	url = {https://doi.org/10.1088%2F0963-0252%2F21%2F3%2F034011},
	year = 2012,
	month = {may},
	publisher = {{IOP} Publishing},
	volume = {21},
	number = {3},
	pages = {034011},
	author = {D Breden and K Miki and L L Raja},
	title = {Self-consistent two-dimensional modeling of cold atmospheric-pressure plasma jets/bullets},
	journal = {Plasma Sources Science and Technology},

}

@article{doi:10.1063/1.4923345,
author = {Norberg,Seth A.  and Johnsen,Eric  and Kushner,Mark J. },
title = {Helium atmospheric pressure plasma jets touching dielectric and metal surfaces},
journal = {Journal of Applied Physics},
volume = {118},
number = {1},
pages = {013301},
year = {2015},
doi = {10.1063/1.4923345},
}

@article{Bhadauria,
author = {Singh, ashok kumar and Bhadauria, Beer},
year = {2009},
month = {01},
pages = {815-827},
title = {Finite Difference Formulae for Unequal Sub-Intervals Using Lagrange's Interpolation Formula},
volume = {3},
journal = {Journal of Math. Analysis}
}


@online{flircamera,
    url = {https://www.flir.com/globalassets/imported-assets/document/rnd_011_us.pdf},
}

@article{biotissues,

author = {Giering, Kerstin and Minet, Olaf and Lamprecht, Ingolf and Müller, G},

year = {1995},

month = {01},

pages = {45-65},

title = {Review of Thermal Properties of Biological Tissues},

journal = {SPIE-The International Society For Optical Engineering}

}

@article{Gade2014,
author="Gade, Rikke
and Moeslund, Thomas B.",
title="Thermal cameras and applications: a survey",
journal="Machine Vision and Applications",
year="2014",
month="Jan",
day="01",
volume="25",
number="1",
pages="245--262",
issn="1432-1769",
doi="10.1007/s00138-013-0570-5",
url="https://doi.org/10.1007/s00138-013-0570-5"
}

@thesis{Pimazzoni2018,
author = "Pimazzoni, Antonio",
title = "Investigation of the parameters of a particle beam by numerical models and diagnostic calorimetry",
year = "2018"
}
